@online{elektronik-kompendium,
  title = {Elektronik-Kompendium},
  url = {https://www.elektronik-kompendium.de/sites/bau/0201113.htm},
  urldate = {\today}
}